@phdthesis{Thrun2000,
	author = "S.Thrun and R.Romero and S.Waldherr",
	title = "A Gesture Based Interface for Human-Robot Interaction",
	school = "Carnegie Mellon University",
	year = "2000"
	}
@phdthesis{waldherrn.d.,
	author = "S.Waldherr and S.Thrun and R.Romero and D.Margaritis",
	title = "Template-Based Rcognition of Pose and Motion Gestures On a Mobile Robot",
	school = "Canegie Mellon University",
	year = "n.d."
	}
@misc{robotictimeline,
	author = "http://www.thocp.net/reference/robotics/robotics2.htm",
	year = "2011"
	}
@misc{futureindustrialrobotics,
	author = "http://robotland.blogspot.com.au/2012/05/future-of-industrial-assembly.html",
	year = "2012"
	}
@book{niku2001,
	author = "S.Niku",
	title = "Introduction to Robotics Analysis, Systems, Applications",
	publisher = "Pearson Education",
	year = "2001"
	}
@article{chawala,
	author = "P.Chawla and  Y.Chen and R.Krauss",
	title = "Nonverbal Behavior and Nonverbal Communication: What Do Conversational Hand Gestures Tell Us?",
	journal = "Advances in Experimental Social Psychology",
	year = "n.d."
	}
@article{nehaniv2005,
	author = "C.Nehaniv and K.Dautenhahn and J,Kubacki and M.Haegele and C.Parlitz and R.Alami",
	title = "A Methodical Approach relating the Classification of Gesture to Identification of Human Intent in the Context of Human-Robot Interaction",
	journal = "IEEE Ro-Man",
	year = "2005",
	pages = "371--377"
	}
@phdthesis{biggs,
	author = "G.Biggs and B.McDonald",
	title = "A Survey of Robot Programming Systems",
	school = "{Department of Electrical \& Electronic Engineering University of Auckland}",
	year = "n.d."
	}
@article{ekvall2008,
	author = "S.Ekvall and D.Kragic",
	title = "Robot Learning from Demonstration: A Task-level Planning Approach",
	journal = "International Journal of Advanced Robotic Systems",
	year = "2008",
	pages = "223--234",
	volume = "5",
	number = "3"
	}
@misc{inductivewiki,
	author = "http://en.wikipedia.org/wiki/Inductive_inference",
	year = "2011"
	}
@misc{3dobjecttracking,
	author = "http://www.willowgarage.com/blog/2012/01/17/tracking-3d-objects-point-cloud-library",
	year = "2011"
	}
@InProceedings{calinon2005,
	author="S. Calinon and A. Billard",
	title="Recognition and Reproduction of Gestures using a Probabilistic Framework combining {PCA}, {ICA} 		and {HMM}",
	booktitle="Proceedings of the International Conference on Machine Learning ({ICML})",
	year="2005",
	month="August",
	location="Bonn, Germany",
	pages="105--112"
	}
@inproceedings{zollner2004,
	author = "R.Zollner and T.Asfour and R.Dillmann",
	title = "Programming by demonstration: Dual-Arm Manipulation Tasks for Humanoid Robots",
	booktitle = "Intelligent Robots and Systems",
	year = "2004"
	}
@inproceedings{asfour2003,
	author = "T.Asfour and R.Dillmann",
	title = "Huma-like Motion of a Humanoid Robot Arm Based on a Closed-Form Solution of the Inverse Kinematics Problem",
	booktitle = "Intelligent Robots and Systems",
	year = "2003"
	}
@phdthesis{richards2010,
	author = "D.Richards",
	title = "Manipulator Based Grasping Pose Selection By Means of Task Objective Optimisation",
	school = "University of Technology Sydney",
	year = "2010"
	}
@inproceedings{ijspeert2002,
	author = "A.Ijspeert and J.Nakanishi and S.Schaal",
	title = "Movement Imitation with Nonlinear Dynamical Systems in Humanoid Robots",
	booktitle = "IEEE International Conference on Robotics and Automation",
	year = "2002"
	}
@inproceedings{gams2009,
	author = "A.Gams and A.Ijspeert and S.Schaal and J.Lenarcic",
	title = "On-line Learning and Modulation of Periodic Movements With Nonlinear Dynamical Systems",
	booktitle = "International Conference on Robotics and Automation",
	year = "2009"
	}
@misc{limitcycle,
	author = "http://en.wikipedia.org/wiki/Limit-cycle",
	year = "2011"
	}
@manual{iarmmanual,
	title = "iArm Instruction Manual",
	organization = "Exact Dynamics",
	year = "2010"
	}
@manual{roboticstoolbox,
	title = "Robotcs Toolbox for Matlab",
	author = "P.Corke",
	year = "2008"
	}
@phdthesis{hitz2008,
	author = "A.Hitz",
	title = "Synchronization of Movements of a Real Humanoid Robot with Music",
	school = "\'{E}cole Polytechnique F\'{e}d\'{e}rale De Lausanne",
	year = "2008"
	}
@misc{springmass,
	author = "http://en.wikipedia.org/wiki/Damping",
	year = "2011"
	}
@misc{agedcareshortage1,
	author = "http://www.fightdementia.org.au/australia-facing-aged-care-shortage-nsw.aspx",
	year = "2011"
	}
@misc{agedcareshortage2,
	author = "http://www.agedcarer.com.au/news/aged-care-staff-shortage-extra-20000-nurses-needed",
	year = "2011"
	}
@article{righetti2009,
	author="L.Righetti and J.Buchli and A.Ijspeert",
	title = "Adaptive Frequency Oscillators and Applications",
	journal = "The Open Cybernetics and Systemics Journal",
	year = "2009",
	volume = "3",
	pages = "64-69"
	}
@proceedings {1325,
	title = {Exploring the Role of Robots in Home Organization},
	journal = {Proc. of Human-Robot Interaction (HRI)},
	year = {2012},
	pages = {327-334},
	address = {Boston, MA},
	keywords = {HRI},
	attachments = {http://www.willowgarage.com/sites/default/files/hri254-pantofaru.pdf},
	author = {Caroline Pantofaru and Leila Takayama and Tully Foote and Soto, Bianca}
}
@conference {652,
	title = {Fast 3D Recognition and Pose Using the Viewpoint Feature Histogram},
	booktitle = {Proceedings of the 23rd IEEE/RSJ International Conference on Intelligent Robots and Systems (IROS)},
	year = {2010},
	month = {10/2010},
	address = {Taipei, Taiwan},
	keywords = {perception},
	attachments = {http://www.willowgarage.com/sites/default/files/Rusu10IROS.pdf},
	author = {Radu Bogdan Rusu and Gary Bradski and Romain Thibaux and John Hsu}
}
@conference {1261,
	title = {NARF: 3D Range Image Features for Object Recognition},
	booktitle = {Workshop on Defining and Solving Realistic Perception Problems in Personal Robotics at the IEEE/RSJ Int. Conf. on Intelligent Robots and Systems (IROS)},
	year = {2010},
	month = {October 8, 2010},
	address = {Taipei, Taiwan},
	attachments = {http://www.willowgarage.com/sites/default/files/steder10irosws.pdf},
	author = {Bastian Steder and Radu Bogdan Rusu and Kurt Konolige and Wolfram Burgard}
}

	
	
	
	
	
	
	
	
	
	
	
	
	
	
	
	
	
	
	
	
	
	
	
	
	
	
	
	
	
	
