@article{daanen_psikuta_2018,
  title   = {3D body scanning},
  doi     = {10.1016/b978-0-08-101211-6.00010-0},
  journal = {Automation in Garment Manufacturing},
  author  = {Daanen, Hein A.M. and Psikuta, Agnes},
  year    = {2018},
  pages   = {237-252}
} 
@article{fang_zhao_wen_zhang_2018,
  title   = {A Real-Time 3D Perception and Reconstruction System Based on a 2D Laser Scanner},
  volume  = {2018},
  doi     = {10.1155/2018/2937694},
  journal = {Journal of Sensors},
  author  = {Fang, Zheng and Zhao, Shibo and Wen, Shiguang and Zhang, Yu},
  year    = {2018},
  pages   = {1-14}
}
@misc{gonzalez-rodriguez_2020,
  title   = {Growing pains of ill-sized clothing for both consumers and brands},
  url     = {https://fashionunited.uk/news/business/the-growing-pain-of-ill-sized-clothes-for-both-consumers-and-brands/2020010146825},
  journal = {Fashionunited.uk},
  author  = {Gonzalez-Rodriguez, Angela},
  year    = {2020}
}
 @article{magnenat-thalmann_seo_cordier_2004,
  title   = {Automatic modeling of virtual humans and body clothing},
  volume  = {19},
  doi     = {10.1007/bf02945583},
  number  = {5},
  journal = {Journal of Computer Science and Technology},
  author  = {Magnenat-Thalmann, Nadia and Seo, Hyewon and Cordier, Frederic},
  year    = {2004},
  pages   = {575-584}
}
 @book{murcia_monroy_mora_2018,
  place       = {Ibague},
  title       = {3D Scene Reconstruction Based on a 2D Moving LiDAR},
  institution = {Universidad de Ibague},
  author      = {Murcia, Harold and Monroy, Maria Fernanda and Mora, Luis Fernando},
  year        = {2018}
}
  @article{newcombe_fox_seitz_2015,
  title   = {DynamicFusion: Reconstruction and tracking of non-rigid scenes in real-time},
  doi     = {10.1109/cvpr.2015.7298631},
  journal = {2015 IEEE Conference on Computer Vision and Pattern Recognition (CVPR)},
  author  = {Newcombe, Richard A. and Fox, Dieter and Seitz, Steven M.},
  year    = {2015}
}
   @article{slavcheva_baust_ilic_2018,
  title   = {SobolevFusion: 3D Reconstruction of Scenes Undergoing Free Non-rigid Motion},
  doi     = {10.1109/cvpr.2018.00280},
  journal = {2018 IEEE/CVF Conference on Computer Vision and Pattern Recognition},
  author  = {Slavcheva, Miroslava and Baust, Maximilian and Ilic, Slobodan},
  year    = {2018}
}
    @inbook{spahiu_shehi_piperi_2014,
  title     = {Extracting body dimensions from 3D body scanning.},
  booktitle = {6th INTERNATIONAL CONFERENCE OF TEXTILE},
  author    = {Spahiu, Tatjana and Shehi, E and Piperi, Erald},
  year      = {2014}
}
@article{sturm_bylow_kahl_cremers_2013,
  title   = {CopyMe3D: Scanning and Printing Persons in 3D},
  doi     = {10.1007/978-3-642-40602-7_43},
  journal = {Lecture Notes in Computer Science},
  author  = {Sturm, Jurgen and Bylow, Erik and Kahl, Fredrik and Cremers, Daniel},
  year    = {2013},
  pages   = {405-414}
}
@article{treleaven_wells_2007,
  title   = {3D Body Scanning and Healthcare Applications},
  volume  = {40},
  doi     = {10.1109/mc.2007.225},
  number  = {7},
  journal = {Computer},
  author  = {Treleaven, Philip and Wells, Jonathan},
  year    = {2007},
  pages   = {28-34}
}
@article{SurfelWarp,
  author        = {Wei Gao and
               Russ Tedrake},
  title         = {SurfelWarp: Efficient Non-Volumetric Single View Dynamic Reconstruction},
  journal       = {CoRR},
  volume        = {abs/1904.13073},
  year          = {2019},
  url           = {http://arxiv.org/abs/1904.13073},
  archiveprefix = {arXiv},
  eprint        = {1904.13073},
  timestamp     = {Thu, 02 May 2019 15:13:44 +0200},
  biburl        = {https://dblp.org/rec/journals/corr/abs-1904-13073.bib},
  bibsource     = {dblp computer science bibliography, https://dblp.org}
}
@inproceedings{keller,
  author  = {Keller, Maik and Lefloch, Damien and Lambers, Martin and Izadi, Shahram and Weyrich, Tim and Kolb, Andreas},
  year    = {2013},
  month   = {06},
  pages   = {8},
  title   = {Real-Time 3D Reconstruction in Dynamic Scenes Using Point-Based Fusion},
  journal = {Proceedings of Joint 3DIM/3DPVT Conference (3DV)},
  doi     = {10.1109/3DV.2013.9}
}

